@article{ponzo2018does,
  title={Does the home advantage depend on crowd support? Evidence from same-stadium derbies},
  author={Ponzo, Michela and Scoppa, Vincenzo},
  journal={Journal of Sports Economics},
  volume={19},
  number={4},
  pages={562--582},
  year={2018},
  publisher={Sage Publications Sage CA: Los Angeles, CA}
}
@article{wunderlich2021does,
  title={How does spectator presence affect football? Home advantage remains in European top-class football matches played without spectators during the COVID-19 pandemic},
  author={Wunderlich, Fabian and Weigelt, Matthias and Rein, Robert and Memmert, Daniel},
  journal={Plos one},
  volume={16},
  number={3},
  year={2021},
  publisher={Public Library of Science San Francisco, CA USA}
}
@article{leitner2022cauldron,
  title={The cauldron has cooled down: a systematic literature review on home advantage in football during the COVID-19 pandemic from a socio-economic and psychological perspective},
  author={Leitner, Michael and Daumann, Frank and Follert, Florian and Richlan, Fabio},
  journal={Management Review Quarterly},
  pages={1--29},
  year={2022},
  publisher={Springer}
}
@book{hox2017multilevel,
  title={Multilevel analysis: Techniques and applications},
  author={Hox, Joop J and Moerbeek, Mirjam and Van de Schoot, Rens},
  year={2017},
  publisher={Routledge}
}
@article{angelini2019efficiency,
  title={Efficiency of online football betting markets},
  author={Angelini, Giovanni and De Angelis, Luca},
  journal={International Journal of Forecasting},
  volume={35},
  number={2},
  pages={712--721},
  year={2019},
  publisher={Elsevier}
}
@article{wunderlich2018betting,
  title={The betting odds rating system: Using soccer forecasts to forecast soccer},
  author={Wunderlich, Fabian and Memmert, Daniel},
  journal={PloS one},
  volume={13},
  number={6},
  pages={e0198668},
  year={2018},
  publisher={Public Library of Science San Francisco, CA USA}
}
@article{pollard2005long,
  title={Long-term trends in home advantage in professional team sports in North America and England (1876--2003)},
  author={Pollard, Richard and Pollard, Gregory},
  journal={Journal of sports sciences},
  volume={23},
  number={4},
  pages={337--350},
  year={2005},
  publisher={Taylor \& Francis}
}
@article{cross2020fans,
  title={Do fans impact sports outcomes? A COVID-19 natural experiment},
  author={Cross, Jeffrey and Uhrig, Richard},
  journal={Journal of Sports Economics},
  pages={15270025221100204},
  year={2020},
  publisher={SAGE Publications Sage CA: Los Angeles, CA}
}
@article{cueva2020animal,
  title={Animal Spirits in the Beautiful Game. Testing social pressure in professional football during the COVID-19 lockdown},
  author={Cueva, Carlos},
  year={2020},
  publisher={OSF Preprints}
}
@article{leitner2021no,
  title={No fans--no pressure: Referees in professional football during the COVID-19 pandemic},
  author={Leitner, Michael Christian and Richlan, Fabio},
  journal={Frontiers in Sports and Active Living},
  pages={221},
  year={2021},
  publisher={Frontiers}
}
@article{jimenez2021home,
  title={Home advantage in European soccer without crowd},
  author={Jim{\'e}nez S{\'a}nchez, {\'A}lvaro and Lav{\'\i}n, Jos{\'e} M},
  journal={Soccer \& Society},
  volume={22},
  number={1-2},
  pages={152--165},
  year={2021},
  publisher={Taylor \& Francis}
}
@article{scoppa2021social,
  title={Social pressure in the stadiums: Do agents change behavior without crowd support?},
  author={Scoppa, Vincenzo},
  journal={Journal of economic psychology},
  volume={82},
  pages={102344},
  year={2021},
  publisher={Elsevier}
}
@article{dohmen2016referee,
  title={Referee bias},
  author={Dohmen, Thomas and Sauermann, Jan},
  journal={Journal of Economic Surveys},
  volume={30},
  number={4},
  pages={679--695},
  year={2016},
  publisher={Wiley Online Library}
}
@article{mccarrick2021home,
  title={Home advantage during the COVID-19 pandemic: Analyses of European football leagues},
  author={McCarrick, Dane and Bilalic, Merim and Neave, Nick and Wolfson, Sandy},
  journal={Psychology of sport and exercise},
  volume={56},
  pages={102013},
  year={2021},
  publisher={Elsevier}
}
@article{bjorklund2022balancing,
  title={The balancing act between skiing and shooting--the determinants of success in biathlon pursuit and mass start events},
  author={Bj{\"o}rklund, Glenn and Dzhilkibaeva, Natalya and Gallagher, Caitlin and Laaksonen, Marko S},
  journal={Journal of Sports Sciences},
  volume={40},
  number={1},
  pages={96--103},
  year={2022},
  publisher={Taylor \& Francis}
}
@article{herold2022off,
  title={Off-ball behavior in association football: A data-driven model to measure changes in individual defensive pressure},
  author={Herold, Mat and Hecksteden, A and Radke, D and Goes, F and Nopp, S and Meyer, T and Kempe, M},
  journal={Journal of Sports Sciences},
  pages={1--14},
  year={2022},
  publisher={Taylor \& Francis}
}
@article{le2022visual,
  title={Is the visual impairment origin a performance factor? Analysis of international-level para swimmers and para athletes},
  author={Le Toquin, Bryan and Schipman, Julien and De Larochelambert, Quentin and Sauli{\`e}re, Guillaume and Duncombe, Stephanie and Toussaint, Jean-Fran{\c{c}}ois},
  journal={Journal of Sports Sciences},
  volume={40},
  number={5},
  pages={489--497},
  year={2022},
  publisher={Taylor \& Francis}
}
@article{ortega2021effect,
  title={Effect of scaling basket height for young basketball players during the competition: seeking out positive sport experiences},
  author={Ortega-Toro, Enrique and Garc{\'\i}a-Angulo, Francisco Javier and Gim{\'e}nez-Egido, Jos{\'e} Mar{\'\i}a and Palao, Jos{\'e} M},
  journal={Journal of Sports Sciences},
  volume={39},
  number={24},
  pages={2763--2771},
  year={2021},
  publisher={Taylor \& Francis}
}
@article{hackett2021effects,
  title={Effects of age and sex on field-based measures of muscle strength and power of the upper and lower body in adolescents},
  author={Hackett, Daniel A and He, Wu and Orr, Rhonda and Sanders, Ross},
  journal={Journal of Sports Sciences},
  volume={39},
  number={9},
  pages={955--960},
  year={2021},
  publisher={Taylor \& Francis}
}
@article{koenigsberg2020generational,
  title={Generational differences in the ranking pathways of top 100 ranked golfers},
  author={Koenigsberg, Aaron and Pilgrim, Jarred and Baker, Joseph},
  journal={Journal of Sports Sciences},
  volume={38},
  number={18},
  pages={2047--2053},
  year={2020},
  publisher={Taylor \& Francis}
}
@article{mcintosh2021apples,
  title={Apples and oranges? Comparing player performances between the Australian Football League and second-tier leagues},
  author={McIntosh, Sam and Jackson, Karl B and Robertson, Sam},
  journal={Journal of Sports Sciences},
  volume={39},
  number={18},
  pages={2123--2132},
  year={2021},
  publisher={Taylor \& Francis}
}
@article{zart2022season,
  title={In-season head-coach changes have positive short-and long-term effects on team performance in men’s soccer—evidence from the Premier League, Bundesliga, and La Liga},
  author={Zart, Sebastian and G{\"u}llich, Arne},
  journal={Journal of Sports Sciences},
  volume={40},
  number={6},
  pages={696--703},
  year={2022},
  publisher={Taylor \& Francis}
}
@article{de2022relative,
  title={Relative age effect in French alpine skiing: Problem and solution},
  author={De Larochelambert, Quentin and Difernand, Audrey and Antero, Juliana and Sedeaud, Adrien and Toussaint, Jean-Fran{\c{c}}ois and Pierre Yves, Louis and Coulmy, Nicolas},
  journal={Journal of Sports Sciences},
  volume={40},
  number={10},
  pages={1137--1148},
  year={2022},
  publisher={Taylor \& Francis}
}
@article{fuller2020ten,
  title={Ten-season epidemiological study of match injuries in men’s international rugby sevens},
  author={Fuller, Colin W and Taylor, Aileen},
  journal={Journal of sports sciences},
  volume={38},
  number={14},
  pages={1595--1604},
  year={2020},
  publisher={Taylor \& Francis}
}
@article{franchini2020tracking,
  title={Tracking 25 years of judo results from the World Championships and Olympic Games: Age and competitive achievement},
  author={Franchini, Emerson and Fukuda, David H and Lopes-Silva, Joao Paulo},
  journal={Journal of Sports Sciences},
  volume={38},
  number={13},
  pages={1531--1538},
  year={2020},
  publisher={Taylor \& Francis}
}
@article{jackson2020hill,
  title={Hill on a mountaintop: A longitudinal and cross-sectional analysis of the relative age effect in competitive youth football},
  author={Jackson, Robin C and Comber, Gavin},
  journal={Journal of sports sciences},
  volume={38},
  number={11-12},
  pages={1352--1358},
  year={2020},
  publisher={Taylor \& Francis}
}
@article{nikolaidis2019russians,
  title={Russians are the fastest and the youngest in the “Comrades Marathon”},
  author={Nikolaidis, Pantelis T and Knechtle, Beat},
  journal={Journal of Sports Sciences},
  volume={37},
  number={12},
  pages={1387--1392},
  year={2019},
  publisher={Taylor \& Francis}
}
@article{team2020rstudio,
  title={RStudio: Integrated development environment for R. RStudio, PBC},
  author={Team, RStudio},
  journal={Boston, MA. Accessed},
  pages={06--07},
  year={2020}
}